@article{survey,
author = {Cha, Sung-Hyuk},
year = {2007},
month = {01},
pages = {},
title = {Comprehensive Survey on Distance/Similarity Measures Between Probability Density Functions},
volume = {1},
booktitle = {Int. J. Math. Model. Meth. Appl. Sci.}
}